@article{Hasselmo5249,
	author = {Hasselmo, ME and Schnell, E and Barkai, E},
	title = {Dynamics of learning and recall at excitatory recurrent synapses and cholinergic modulation in rat hippocampal region CA3},
	volume = {15},
	number = {7},
	pages = {5249--5262},
	year = {1995},
	doi = {10.1523/JNEUROSCI.15-07-05249.1995},
	publisher = {Society for Neuroscience},
	issn = {0270-6474},
	URL = {https://www.jneurosci.org/content/15/7/5249},
	eprint = {https://www.jneurosci.org/content/15/7/5249.full.pdf},
	journal = {Journal of Neuroscience}
}
